@article{article,
author = {Ahmed, Hadeer and Traore, Issa and Saad, Sherif},
year = {2017},
month = {12},
pages = {e9},
title = {Detecting opinion spams and fake news using text classification},
volume = {1},
journal = {Security and Privacy},
doi = {10.1002/spy2.9}
}


@article{https://doi.org/10.1002/pra2.2015.145052010083,
author = {Rubin, Victoria L. and Chen, Yimin and Conroy, Nadia K.},
title = {Deception detection for news: Three types of fakes},
journal = {Proceedings of the Association for Information Science and Technology},
volume = {52},
number = {1},
pages = {1-4},
keywords = {news verification, deception detection, fake news detection, credibility assessment, reputable sources, fabrication, hoax, satire, natural language processing, text analytics, predictive modeling, corpus construction},
doi = {https://doi.org/10.1002/pra2.2015.145052010083},
url = {https://asistdl.onlinelibrary.wiley.com/doi/abs/10.1002/pra2.2015.145052010083},
eprint = {https://asistdl.onlinelibrary.wiley.com/doi/pdf/10.1002/pra2.2015.145052010083},
year = {2015}
}

@misc{horne2017just,
      title={This Just In: Fake News Packs a Lot in Title, Uses Simpler, Repetitive Content in Text Body, More Similar to Satire than Real News}, 
      author={Benjamin D. Horne and Sibel Adali},
      year={2017},
      eprint={1703.09398},
      archivePrefix={arXiv},
      primaryClass={cs.SI}
}


@inproceedings{baisa-etal-2019-benchmark,
    title = "Benchmark Dataset for Propaganda Detection in {C}zech Newspaper Texts",
    author = "Baisa, V{\'\i}t  and
      Herman, Ond{\v{r}}ej  and
      Horak, Ales",
    booktitle = "Proceedings of the International Conference on Recent Advances in Natural Language Processing (RANLP 2019)",
    month = sep,
    year = "2019",
    address = "Varna, Bulgaria",
    publisher = "INCOMA Ltd.",
    url = "https://www.aclweb.org/anthology/R19-1010",
    doi = "10.26615/978-954-452-056-4_010",
    pages = "77--83"
}


@misc{wang2017liar,
      title={"Liar, Liar Pants on Fire": A New Benchmark Dataset for Fake News Detection}, 
      author={William Yang Wang},
      year={2017},
      eprint={1705.00648},
      archivePrefix={arXiv},
      primaryClass={cs.CL}
}

@inproceedings{al-omari-etal-2019-justdeep,
    title = "{JUSTD}eep at {NLP}4{IF} 2019 Task 1: Propaganda Detection using Ensemble Deep Learning Models",
    author = "Al-Omari, Hani  and
      Abdullah, Malak  and
      AlTiti, Ola  and
      Shaikh, Samira",
    booktitle = "Proceedings of the Second Workshop on Natural Language Processing for Internet Freedom: Censorship, Disinformation, and Propaganda",
    month = nov,
    year = "2019",
    address = "Hong Kong, China",
    publisher = "Association for Computational Linguistics",
    url = "https://www.aclweb.org/anthology/D19-5016",
    doi = "10.18653/v1/D19-5016",
    pages = "113--118"
}


@inproceedings{aggarwal-sadana-2019-nsit,
    title = "{NSIT}@{NLP}4{IF}-2019: Propaganda Detection from News Articles using Transfer Learning",
    author = "Aggarwal, Kartik  and
      Sadana, Anubhav",
    booktitle = "Proceedings of the Second Workshop on Natural Language Processing for Internet Freedom: Censorship, Disinformation, and Propaganda",
    month = nov,
    year = "2019",
    address = "Hong Kong, China",
    publisher = "Association for Computational Linguistics",
    url = "https://www.aclweb.org/anthology/D19-5021",
    doi = "10.18653/v1/D19-5021",
    pages = "143--147"
}


@inproceedings{alhindi-etal-2019-fine,
    title = "Fine-Tuned Neural Models for Propaganda Detection at the Sentence and Fragment levels",
    author = "Alhindi, Tariq  and
      Pfeiffer, Jonas  and
      Muresan, Smaranda",
    booktitle = "Proceedings of the Second Workshop on Natural Language Processing for Internet Freedom: Censorship, Disinformation, and Propaganda",
    month = nov,
    year = "2019",
    address = "Hong Kong, China",
    publisher = "Association for Computational Linguistics",
    url = "https://www.aclweb.org/anthology/D19-5013",
    doi = "10.18653/v1/D19-5013",
    pages = "98--102"
}
